<?xml version="1.0" encoding="utf-8"?>
<record xmlns="http://www.loc.gov/MARC21/slim" xmlns:xsi="http://www.w3.org/2001/XMLSchema-instance" xsi:schemaLocation="http://www.loc.gov/MARC21/slim http://www.loc.gov/standards/marcxml/schema/MARC21slim.xsd">
	<leader>     nam a22        4500</leader>
	<controlfield tag="001">b1232095x</controlfield>
	<controlfield tag="003">LeBAU</controlfield>
	<controlfield tag="006">m        d        </controlfield>
	<controlfield tag="007">cr cn |||m|||a</controlfield>
	<controlfield tag="008">170131m19471952le abcf ob    ||1 0 ara d</controlfield>
	<datafield ind1=" " ind2=" " tag="040">
		<subfield code="a">NNU</subfield>
		<subfield code="b">ara</subfield>
		<subfield code="e">rda</subfield>
		<subfield code="c">NNU</subfield>
	</datafield>
	<datafield ind1="0" ind2="4" tag="082">
		<subfield code="a">282</subfield>
		<subfield code="2">20</subfield>
	</datafield>
	<datafield ind1="1" ind2=" " tag="100">
		<subfield code="6">880-01</subfield>
		<subfield code="a">Shammās, Yūsuf,</subfield>
		<subfield code="e">author.</subfield>
	</datafield>
	<datafield ind1="1" ind2="0" tag="245">
		<subfield code="6">880-02</subfield>
		<subfield code="a">Khulāṣat tārīkh al-Kanīsah al-Malakīyah /</subfield>
		<subfield code="c">bi-qalam al-Ab Yūsuf al-Shammās al-Mukhalliṣī.</subfield>
	</datafield>
	<datafield ind1=" " ind2="1" tag="264">
		<subfield code="6">880-03</subfield>
		<subfield code="a">Ṣaydā, Lubnān :</subfield>
		<subfield code="b">al-Maṭba‘ah al-Mukhalliṣīyah,</subfield>
		<subfield code="c">1947-1952.</subfield>
	</datafield>
	<datafield ind1=" " ind2=" " tag="300">
		<subfield code="6">880-04</subfield>
		<subfield code="a">online resource (3 volumes) :</subfield>
		<subfield code="b">illustrations, maps (some color), portraits</subfield>
	</datafield>
	<datafield ind1=" " ind2=" " tag="336">
		<subfield code="a">text</subfield>
		<subfield code="2">rdacontent</subfield>
	</datafield>
	<datafield ind1=" " ind2=" " tag="337">
		<subfield code="a">computer</subfield>
		<subfield code="2">rdamedia</subfield>
	</datafield>
	<datafield ind1=" " ind2=" " tag="338">
		<subfield code="a">online resource</subfield>
		<subfield code="2">rdacarrier</subfield>
	</datafield>
	<datafield ind1=" " ind2=" " tag="500">
		<subfield code="a">الجزء الأول: طبعة ثانية منقحة.</subfield>
	</datafield>
	<datafield ind1=" " ind2=" " tag="500">
		<subfield code="a">تاريخ نشر النسخة الثانية من الجزء الأول: 1959.</subfield>
	</datafield>
	<datafield ind1=" " ind2=" " tag="500">
		<subfield code="a">Part of the Arabic Collections Online (ACO) project, contributed by American University of Beirut's Jafet Memorial Library.</subfield>
	</datafield>
	<datafield ind1=" " ind2=" " tag="504">
		<subfield code="a">يتضمن مراجع ببليوغرافية وكشافات.</subfield>
	</datafield>
	<datafield ind1="0" ind2="0" tag="505">
		<subfield code="t">خلاصة تاريخ الكنيسة الملكية:</subfield>
		<subfield code="g">الجزء الأول.</subfield>
		<subfield code="t">من صعود المسيح الى الفتح العربي (34-634) --</subfield>
		<subfield code="g">الجزء الثاني.</subfield>
		<subfield code="t">من الفتح العربي الى إنفصال الكاثوليك والأرثوذكس في البطريركية الأنطاكية (634-1724) --</subfield>
		<subfield code="g">الجزء الثالث.</subfield>
		<subfield code="t">من إنفصال الكاثوليك والأرثوذكس في البطريركية الأنطاكية الى جلوس غبطة البطريرك مكسيموس الرابع الصائغ السامي الإحترام (1724-1947)</subfield>
	</datafield>
	<datafield ind1=" " ind2=" " tag="533">
		<subfield code="a">Electronic reproduction.</subfield>
		<subfield code="b">New York, N.Y. :</subfield>
		<subfield code="c">New York University,</subfield>
		<subfield code="d">2017.</subfield>
		<subfield code="5">NNU</subfield>
	</datafield>
	<datafield ind1="2" ind2="4" tag="610">
		<subfield code="a">الكنيسة الكاثوليكية.</subfield>
		<subfield code="b">البطريركية الأنطاكية (الملكيين)</subfield>
		<subfield code="x">تاريخ.</subfield>
	</datafield>
	<datafield ind1="2" ind2="4" tag="610">
		<subfield code="a">الكنيسة الكاثوليكية</subfield>
		<subfield code="x">تاريخ.</subfield>
	</datafield>
	<datafield ind1="2" ind2="0" tag="610">
		<subfield code="a">Catholic Church.</subfield>
		<subfield code="b">Patriarchate of Antioch (Melchite)</subfield>
		<subfield code="x">History.</subfield>
	</datafield>
	<datafield ind1="2" ind2="0" tag="610">
		<subfield code="a">Catholic Church</subfield>
		<subfield code="x">History.</subfield>
	</datafield>
	<datafield ind1="2" ind2=" " tag="710">
		<subfield code="a">Jafet Memorial Library.</subfield>
	</datafield>
	<datafield ind1="0" ind2=" " tag="730">
		<subfield code="a">Arabic Collections Online.</subfield>
	</datafield>
	<datafield ind1="0" ind2="8" tag="776">
		<subfield code="i">Print version:</subfield>
		<subfield code="a">Shammās, Yūsuf, author.</subfield>
		<subfield code="t">Khulāṣat tārīkh al-Kanīsah al-Malakīyah</subfield>
		<subfield code="w">(LeBAU)b1232095x</subfield>
	</datafield>
	<datafield ind1="4" ind2="0" tag="856">
		<subfield code="u">http://hdl.handle.net/2333.1/0cfxptcw</subfield>
	</datafield>
	<datafield ind1="1" ind2=" " tag="880">
		<subfield code="6">100-01/(3/r</subfield>
		<subfield code="a">الشماس، يوسف،</subfield>
		<subfield code="e">مؤلف. </subfield>
		<subfield code="4">aut.</subfield>
	</datafield>
	<datafield ind1="1" ind2="0" tag="880">
		<subfield code="6">245-02/(3/r</subfield>
		<subfield code="a">خلاصة تاريخ الكنيسة الملكية /</subfield>
		<subfield code="c">بقلم الأب يوسف الشماس المخلصي.</subfield>
	</datafield>
	<datafield ind1=" " ind2="1" tag="880">
		<subfield code="6">264-03/(3/r</subfield>
		<subfield code="a">صيدا، لبنان :</subfield>
		<subfield code="b">المطبعة المخلصية،</subfield>
		<subfield code="c">1947-1952.</subfield>
	</datafield>
	<datafield ind1=" " ind2=" " tag="880">
		<subfield code="6">300-04/(3/r</subfield>
		<subfield code="a">3 أجزاء :</subfield>
		<subfield code="b">مصورات، خرائط (بعضها ملون)، صور شخصانية ؛</subfield>
		<subfield code="c">22 سم</subfield>
	</datafield>
	<datafield ind1=" " ind2=" " tag="959">
		<subfield code="a">NNU</subfield>
		<subfield code="b">WEB</subfield>
		<subfield code="c">GENI</subfield>
		<subfield code="t">0</subfield>
		<subfield code="m">Electronic access</subfield>
		<subfield code="s">01</subfield>
	</datafield>
	<datafield ind1=" " ind2=" " tag="999">
		<subfield code="i">LeBAU_b1232095x</subfield>
		<subfield code="s">aub_aco000591:v.1</subfield>
		<subfield code="s">aub_aco000592:v.2</subfield>
		<subfield code="s">aub_aco000593:v.3</subfield>
		<subfield code="e">(ERROR-MISC)</subfield>
	</datafield>
</record>
